<?xml version="1.0" encoding="UTF-8"?><collection xmlns="http://www.loc.gov/MARC21/slim"><record><leader>00354nam--2200133-i-4500</leader><controlfield tag="001">000041629</controlfield><controlfield tag="002">20161230</controlfield><controlfield tag="005">20161230201043</controlfield><controlfield tag="008">060222s1000------------r-----000-0-eng-d</controlfield><datafield ind1=" " ind2=" " tag="080"><subfield code="a">62-523:621.3.066</subfield></datafield><datafield ind1=" " ind2=" " tag="100"><subfield code="a">Simbotin,Constantin Si Tanasiciuc,Claudiu</subfield></datafield><datafield ind1=" " ind2=" " tag="245"><subfield code="a">Comutatia statica in automatica</subfield></datafield><datafield ind1=" " ind2=" " tag="260"><subfield code="a">Bucuresti, Ed.Tehnica, 1970</subfield></datafield><datafield ind1=" " ind2=" " tag="852"><subfield code="a">33128</subfield></datafield></record></collection>